@article {bibelen,
title={Elektronikkbibelen},
author={Albert Einstein},
journal={O Store Forlag},
year={1930}
}

@article {fugltemp,
title={Body temperature in birds},
author={R. Prinzinger and A. Preßmar and E. Schleucher},
journal={Universitetet i Frankfurt},
year={1991}
}

@book {fuglemm,
title ={Temperature biology of animals},
author={A. Cossin and K. Bowler},
publisher={Springer Netherlands},
year={1987}
}
@online{AvisFroanVind,
    author = "Lena Jørgensen",
    title = "Vil gjøre Froan selvforsynt med strøm",
    url  = "https://www.froya.no/nyheter/vil-gj%C3%B8re-froan-selvforsynt-med-str%C3%B8m",
    addendum = "Hentet: 16.03.2020"
}
@online{SNL-IR,
    author= "Trygve Holtebekk",
    title="infrarød stråling",
    publisher= "Store norske leksikon",
    url = "https://snl.no/infrar%C3%B8d_str%C3%A5ling",
    addendum = "Hentet: 21.04.2020"
}
@article{dodfugler,
title={Energy policy vol.37(6), pages 2241-2248},
author={Benjamin K. Sovacool},
publisher={Elsevier},
year={2009}
}

@misc{dash, 
    title={Dash Documentation \& User Guide: Plotly}, 
    url={https://dash.plot.ly/}, 
    journal={Dash Documentation & User Guide | Plotly}
}

@misc{flask, 
    title={flask}, 
    url={https://palletsprojects.com/p/flask/}, 
    journal={Flask}, 
    publisher={Pallets Projects}
}

@misc{plotly, 
    title={plotly}, 
    url={https://plot.ly/}, 
    journal={Plotly}, 
    publisher={Plotly}
}
@misc{dataframe, 
    title={dataframe | pandas}, 
    url={https://pandas.pydata.org/pandas-docs/stable/reference/frame.html}, 
    journal={DataFrame | Pandas}, 
    publisher={Pandas}
}